@article{survey,
	author = {Bunker, Rory and Thabtah, Fadi},
	year = {2017},
	month = {09},
	title = {A Machine Learning Framework for Sport Result Prediction},
	volume = {15},
	journal = {Applied Computing and Informatics},
	doi = {10.1016/j.aci.2017.09.005}
	}
@article{Zimbo,
	author = {Zimmermann, Albrecht and Moorthy, Sruthi and Shi, Zifan},
	year = {2013},
	month = {10},
	title = {Predicting college basketball match outcomes using machine learning techniques: some results and lessons learned},
	url = {Retrieved from www.math.smith.edu/bbaumer/pub}
	}

@unpublished{GaudeckerEconProjectTemplates,
	Author = {Hans-Martin von Gaudecker},
	Note = {\url{https://doi.org/10.5281/zenodo.2533241}},
	Title = {Templates for Reproducible Research Projects in Economics},
	Year = {2019}
	}
